<record><leader>00000cas a22000007a 4500</leader><controlfield tag="001">22198372</controlfield><controlfield tag="008">900809d19151918ohuwr ne      0    0eng d</controlfield><controlfield tag="009">8043</controlfield><datafield ind1=" " ind2=" " tag="010"><subfield code="a">sn 90068921 </subfield></datafield><datafield ind1=" " ind2=" " tag="040"><subfield code="a">ONP</subfield><subfield code="b">eng</subfield><subfield code="c">ONP</subfield></datafield><datafield ind1="1" ind2=" " tag="029"><subfield code="a">AU@</subfield><subfield code="b">000025878216</subfield></datafield><datafield ind1=" " ind2=" " tag="042"><subfield code="a">msc</subfield></datafield><datafield ind1="0" ind2="0" tag="245"><subfield code="a">Stubig's weekly.</subfield></datafield><datafield ind1=" " ind2=" " tag="260"><subfield code="a">Sandusky, Ohio :</subfield><subfield code="b">Carl. H. Stubig,</subfield><subfield code="c">1915-1918.</subfield></datafield><datafield ind1=" " ind2=" " tag="300"><subfield code="a">v.</subfield></datafield><datafield ind1=" " ind2=" " tag="310"><subfield code="a">Weekly</subfield></datafield><datafield ind1="0" ind2=" " tag="362"><subfield code="a">Vol. 1, no. 1 (Feb. 6, 1915)-v. 3, no. 49 (Jan. 19, 1918).</subfield></datafield><datafield ind1=" " ind2=" " tag="500"><subfield code="a">"A journal of protest against the Plunderbund of Erie County."</subfield></datafield><datafield ind1=" " ind2=" " tag="752"><subfield code="a">United States</subfield><subfield code="b">Ohio</subfield><subfield code="c">Erie</subfield><subfield code="d">Sandusky.</subfield></datafield><datafield ind1="0" ind2="0" tag="785"><subfield code="t">Erie County review</subfield><subfield code="w">(DLC)sn 90068920</subfield></datafield></record>